{"gold_per_floor":[119,134,10,10,10,43,43,62,62,62,76,76,95,95],"floor_reached":14,"playtime":765,"items_purged":["Strike_B"],"score":184,"play_id":"adccffdc-eae4-4a93-bfd0-487ce69c0377","local_time":"20230917223245","is_ascension_mode":true,"campfire_choices":[{"data":"Dualcast","floor":10,"key":"SMITH"}],"neow_cost":"NONE","seed_source_timestamp":104230846244800,"circlet_count":0,"master_deck":["AscendersBane","Strike_B","Strike_B","Strike_B","Defend_B","Defend_B","Defend_B","Defend_B","Zap","Dualcast+1","Blizzard+1","Coolheaded","Coolheaded"],"relics":["Cracked Core","NeowsBlessing","Golden Idol","Pear","Bag of Preparation","Darkstone Periapt"],"potions_floor_usage":[13,13],"damage_taken":[{"damage":0,"enemies":"Jaw Worm","floor":1,"turns":1},{"damage":0,"enemies":"Small Slimes","floor":2,"turns":1},{"damage":0,"enemies":"3 Sentries","floor":6,"turns":1},{"damage":0,"enemies":"Cultist","floor":8,"turns":3},{"damage":8,"enemies":"2 Fungi Beasts","floor":11,"turns":4},{"damage":0,"enemies":"Exordium Thugs","floor":13,"turns":4},{"damage":54,"enemies":"Gremlin Gang","floor":14,"turns":3}],"seed_played":"3629762014244517740","potions_obtained":[{"floor":8,"key":"DuplicationPotion"},{"floor":11,"key":"FocusPotion"}],"is_trial":false,"path_per_floor":["M","M","$","?","?","E","?","M","T","R","M","$","M","M"],"character_chosen":"DEFECT","items_purchased":["Coolheaded"],"campfire_rested":0,"item_purchase_floors":[3],"current_hp_per_floor":[68,68,68,68,50,60,57,57,57,57,49,49,49,0],"gold":95,"neow_bonus":"THREE_ENEMY_KILL","is_prod":false,"is_daily":false,"chose_seed":false,"campfire_upgraded":1,"win_rate":0,"timestamp":1694979165,"path_taken":["M","M","$","?","?","E","?","M","T","R","M","?","M","M"],"build_version":"2022-12-18","purchased_purges":1,"victory":false,"max_hp_per_floor":[75,75,75,75,75,85,85,85,85,85,85,85,85,85],"card_choices":[{"not_picked":["Steam","Beam Cell","Scrape"],"picked":"SKIP","floor":1},{"not_picked":["Storm","Steam Power"],"picked":"Blizzard","floor":2},{"not_picked":["Barrage","Gash","Go for the Eyes"],"picked":"SKIP","floor":6},{"not_picked":["Conserve Battery","White Noise"],"picked":"Coolheaded","floor":8},{"not_picked":["Go for the Eyes","Compile Driver","Loop"],"picked":"SKIP","floor":11},{"not_picked":["Static Discharge","Aggregate","Reinforced Body"],"picked":"SKIP","floor":13}],"player_experience":405801,"relics_obtained":[{"floor":6,"key":"Pear"},{"floor":9,"key":"Darkstone Periapt"}],"event_choices":[{"damage_healed":0,"gold_gain":0,"player_choice":"Grow","damage_taken":0,"max_hp_gain":0,"max_hp_loss":0,"event_name":"Living Wall","floor":4,"gold_loss":0,"cards_upgraded":["Blizzard"]},{"damage_healed":0,"gold_gain":0,"player_choice":"Take Damage","damage_taken":18,"relics_obtained":["Golden Idol"],"max_hp_gain":0,"max_hp_loss":0,"event_name":"Golden Idol","floor":5,"gold_loss":0},{"damage_healed":0,"gold_gain":0,"player_choice":"Success","damage_taken":3,"relics_obtained":["Bag of Preparation"],"max_hp_gain":0,"max_hp_loss":0,"event_name":"Scrap Ooze","floor":7,"gold_loss":0}],"is_beta":false,"boss_relics":[],"items_purged_floors":[3],"is_endless":false,"potions_floor_spawned":[8,11],"killed_by":"Gremlin Gang","ascension_level":12}