{"gold_per_floor":[112,123,136,136,136,136,165,165,165,165,183,183,196,209,209,305,305,324,324,324,56,56],"floor_reached":22,"playtime":770,"items_purged":["Decay"],"score":294,"play_id":"6f2cf3ef-55d1-4ad5-bc4c-1f3861873ada","local_time":"20230918000254","is_ascension_mode":true,"campfire_choices":[{"data":"Conserve Battery","floor":6,"key":"SMITH"},{"floor":10,"key":"REST"},{"data":"Zap","floor":12,"key":"SMITH"},{"floor":15,"key":"REST"}],"neow_cost":"NONE","seed_source_timestamp":109640745294000,"circlet_count":0,"master_deck":["AscendersBane","Strike_B","Strike_B","Strike_B","Strike_B","Defend_B","Defend_B","Defend_B","Defend_B","Zap+1","Dualcast+1","Amplify","Conserve Battery+1","Streamline+1","Capacitor","Machine Learning","Creative AI","Scrape","Defragment"],"relics":["Cracked Core","Eternal Feather","Nunchaku","Nuclear Battery","Strange Spoon"],"potions_floor_usage":[7,16,16],"damage_taken":[{"damage":1,"enemies":"Small Slimes","floor":1,"turns":3},{"damage":1,"enemies":"2 Louse","floor":2,"turns":2},{"damage":6,"enemies":"Cultist","floor":3,"turns":3},{"damage":39,"enemies":"Lagavulin","floor":7,"turns":7},{"damage":19,"enemies":"3 Louse","floor":11,"turns":3},{"damage":3,"enemies":"Blue Slaver","floor":13,"turns":3},{"damage":11,"enemies":"Lots of Slimes","floor":14,"turns":5},{"damage":55,"enemies":"The Guardian","floor":16,"turns":11},{"damage":50,"enemies":"3 Byrds","floor":18,"turns":6},{"damage":18,"enemies":"Shell Parasite","floor":22,"turns":5}],"seed_played":"-6766849450920691334","potions_obtained":[{"floor":2,"key":"DistilledChaos"},{"floor":11,"key":"SpeedPotion"},{"floor":14,"key":"BlessingOfTheForge"}],"is_trial":false,"path_per_floor":["M","M","M","?","?","R","E","?","T","R","M","R","M","M","R","B",null,"M","?","?","$","M"],"character_chosen":"DEFECT","items_purchased":["Strange Spoon","Defragment"],"campfire_rested":2,"item_purchase_floors":[21,21],"current_hp_per_floor":[67,66,60,65,65,65,26,26,26,59,40,49,46,35,68,13,63,13,13,13,13,0],"gold":56,"neow_bonus":"ONE_RANDOM_RARE_CARD","is_prod":false,"is_daily":false,"chose_seed":false,"campfire_upgraded":2,"win_rate":0,"timestamp":1694984574,"path_taken":["M","M","M","?","?","R","E","?","T","R","M","R","M","?","R","BOSS","M","?","?","$","?"],"build_version":"2022-12-18","purchased_purges":1,"victory":false,"max_hp_per_floor":[75,75,75,80,80,80,80,80,80,80,80,80,80,80,80,80,80,80,80,80,80,80],"card_choices":[{"not_picked":["Coolheaded","Stack"],"picked":"Conserve Battery","floor":1},{"not_picked":["Turbo","Sweeping Beam"],"picked":"Streamline","floor":2},{"not_picked":["Conserve Battery","Heatsinks"],"picked":"Capacitor","floor":3},{"not_picked":["Hologram","Darkness","Fission"],"picked":"SKIP","floor":7},{"not_picked":["Conserve Battery","Compile Driver","Rebound"],"picked":"SKIP","floor":11},{"not_picked":["Streamline","Leap","Thunder Strike"],"picked":"SKIP","floor":13},{"not_picked":["Glacier","Aggregate","Go for the Eyes"],"picked":"SKIP","floor":14},{"not_picked":["All For One","Rainbow"],"picked":"Machine Learning","floor":16},{"not_picked":["Coolheaded","Lockon+1","Fusion"],"picked":"SKIP","floor":18}],"player_experience":407856,"relics_obtained":[{"floor":7,"key":"Eternal Feather"},{"floor":9,"key":"Nunchaku"}],"event_choices":[{"damage_healed":0,"gold_gain":0,"player_choice":"Donut","damage_taken":0,"max_hp_gain":5,"max_hp_loss":0,"event_name":"Big Fish","floor":4,"gold_loss":0},{"damage_healed":0,"gold_gain":0,"player_choice":"Grow","damage_taken":0,"max_hp_gain":0,"max_hp_loss":0,"event_name":"Living Wall","floor":5,"gold_loss":0,"cards_upgraded":["Streamline"]},{"damage_healed":0,"gold_gain":0,"player_choice":"Forge","damage_taken":0,"max_hp_gain":0,"max_hp_loss":0,"event_name":"Accursed Blacksmith","floor":8,"gold_loss":0,"cards_upgraded":["Dualcast"]},{"damage_healed":0,"gold_gain":0,"player_choice":"Ignored","damage_taken":0,"max_hp_gain":0,"max_hp_loss":0,"event_name":"Ghosts","floor":19,"gold_loss":0},{"damage_healed":0,"gold_gain":0,"player_choice":"3 cards matched","damage_taken":0,"max_hp_gain":0,"max_hp_loss":0,"event_name":"Match and Keep!","floor":20,"gold_loss":0,"cards_obtained":["Decay","Creative AI","Scrape"]}],"is_beta":false,"boss_relics":[{"not_picked":["Empty Cage","Astrolabe"],"picked":"Nuclear Battery"}],"items_purged_floors":[21],"is_endless":false,"potions_floor_spawned":[2,11,14],"killed_by":"Shell Parasite","ascension_level":12}