{"gold_per_floor":[118,137,117,127,142,142,175,185,209,65,95,126,126,157,157,261,261,271,125,154,166,185,185,185,185,185,203,215,215,231,231,231,328,328,339,339,339,350,369,369,369,369,395,395,395,57,57,5,5,5],"floor_reached":51,"playtime":2220,"items_purged":["Strike_B","Defend_B"],"score":1034,"play_id":"f21e9c84-7829-4a8b-92f1-25438200e6db","local_time":"20230921204505","is_ascension_mode":true,"campfire_choices":[{"data":"Streamline","floor":6.0,"key":"SMITH"},{"floor":13.0,"key":"REST"},{"data":"Glacier","floor":15.0,"key":"SMITH"},{"floor":23.0,"key":"REST"},{"floor":25.0,"key":"REST"},{"data":"Blizzard","floor":29.0,"key":"SMITH"},{"floor":32.0,"key":"REST"},{"floor":40,"key":"REST"},{"floor":44,"key":"REST"},{"data":"Blizzard","floor":47,"key":"SMITH"},{"data":"Defragment","floor":49,"key":"SMITH"}],"neow_cost":"NONE","seed_source_timestamp":0,"circlet_count":0,"master_deck":["AscendersBane","Strike_B","Strike_B","Defend_B","Defend_B","Defend_B","Zap","Dualcast+1","Glacier+1","Streamline+1","Redo","Blizzard+1","Defragment+1","Machine Learning","Blizzard+1","Defragment","Cold Snap+1","Coolheaded"],"special_seed":0,"relics":["FrozenCore","Happy Flower","Juzu Bracelet","Odd Mushroom","Akabeko","Art of War","Anchor","Red Mask","MutagenicStrength","Gremlin Horn","Darkstone Periapt","Busted Crown","Bronze Scales","Pantograph"],"potions_floor_usage":[39,39,42,50,50],"damage_taken":[{"damage":3.0,"enemies":"2 Louse","floor":1.0,"turns":2.0},{"damage":1.0,"enemies":"Cultist","floor":2.0,"turns":4.0},{"damage":0.0,"enemies":"Jaw Worm","floor":4.0,"turns":3.0},{"damage":3.0,"enemies":"Blue Slaver","floor":5.0,"turns":4.0},{"damage":14.0,"enemies":"Lagavulin","floor":7.0,"turns":5.0},{"damage":19.0,"enemies":"Exordium Thugs","floor":8.0,"turns":4.0},{"damage":2.0,"enemies":"The Mushroom Lair","floor":11.0,"turns":4.0},{"damage":13.0,"enemies":"Gremlin Nob","floor":12.0,"turns":4.0},{"damage":11.0,"enemies":"3 Sentries","floor":14.0,"turns":8.0},{"damage":13.0,"enemies":"Hexaghost","floor":16.0,"turns":12.0},{"damage":4.0,"enemies":"3 Byrds","floor":18.0,"turns":6.0},{"damage":27.0,"enemies":"Masked Bandits","floor":20.0,"turns":6.0},{"damage":3.0,"enemies":"Spheric Guardian","floor":21.0,"turns":6.0},{"damage":10.0,"enemies":"Centurion and Healer","floor":22.0,"turns":9.0},{"damage":5.0,"enemies":"Snake Plant","floor":27.0,"turns":4.0},{"damage":7.0,"enemies":"Chosen and Byrds","floor":28.0,"turns":8.0},{"damage":10.0,"enemies":"Snecko","floor":30.0,"turns":7.0},{"damage":33.0,"enemies":"Champ","floor":33.0,"turns":15.0},{"damage":30,"enemies":"3 Darklings","floor":35,"turns":6},{"damage":0,"enemies":"Orb Walker","floor":38,"turns":5},{"damage":14,"enemies":"Jaw Worm Horde","floor":39,"turns":5},{"damage":0,"enemies":"Writhing Mass","floor":42,"turns":2},{"damage":15,"enemies":"Time Eater","floor":50,"turns":13}],"seed_played":"-4875790678513272345","potions_obtained":[{"floor":1.0,"key":"FearPotion"},{"floor":3.0,"key":"FairyPotion"},{"floor":5.0,"key":"Explosive Potion"},{"floor":7.0,"key":"SkillPotion"},{"floor":11.0,"key":"Block Potion"},{"floor":12.0,"key":"Weak Potion"},{"floor":18.0,"key":"FearPotion"},{"floor":28.0,"key":"FearPotion"},{"floor":33.0,"key":"LiquidBronze"},{"floor":38,"key":"SpeedPotion"},{"floor":41,"key":"PotionOfCapacity"},{"floor":41,"key":"SmokeBomb"}],"is_trial":false,"path_per_floor":["M","M","?","M","M","R","E","M","T","$","?","E","R","E","R","B",null,"M","$","?","M","M","R","?","R","T","M","M","R","M","T","R","B",null,"M","?","?","M","M","R","?","M","T","R","?","$","R","$","R","B",null],"character_chosen":"DEFECT","items_purchased":["Blizzard","Anchor","Pantograph","FocusPotion"],"campfire_rested":6,"item_purchase_floors":[10,19,46,48],"current_hp_per_floor":[65,64,64,64,61,61,47,28,28,28,26,13,35,24,24,11,59,55,55,28,25,15,37,37,59,59,54,47,47,37,37,59,26,63,33,33,33,33,19,41,41,41,41,63,63,63,63,63,63,60],"gold":5,"neow_bonus":"UPGRADE_CARD","is_prod":false,"is_daily":false,"chose_seed":false,"campfire_upgraded":5,"win_rate":0,"timestamp":1695318305,"path_taken":["M","M","?","?","M","R","E","M","T","$","?","E","R","E","R","BOSS","M","$","?","M","M","R","?","R","T","M","M","R","M","?","R","BOSS","M","?","?","M","M","R","?","M","T","R","?","?","R","$","R","BOSS"],"build_version":"2022-12-18","purchased_purges":2,"victory":true,"max_hp_per_floor":[75,75,75,75,75,75,75,75,75,75,75,75,75,75,75,75,75,75,75,75,75,75,75,75,75,75,75,75,75,75,75,75,75,75,75,75,75,75,75,75,75,75,75,75,75,75,75,75,75,75],"card_choices":[{"not_picked":["Reinforced Body","Ball Lightning"],"picked":"Glacier","floor":1.0},{"not_picked":["Leap","Skim"],"picked":"Streamline","floor":2.0},{"not_picked":["Compile Driver","Reinforced Body","Aggregate"],"picked":"SKIP","floor":4.0},{"not_picked":["Turbo","Aggregate","Rip and Tear"],"picked":"SKIP","floor":5.0},{"not_picked":["Fusion","Hologram"],"picked":"Redo","floor":7.0},{"not_picked":["Cold Snap","Beam Cell","Barrage"],"picked":"SKIP","floor":8.0},{"not_picked":["Compile Driver","Chaos"],"picked":"Defragment","floor":12.0},{"not_picked":["Go for the Eyes","Rebound","White Noise"],"picked":"SKIP","floor":14.0},{"not_picked":["Multi-Cast","Creative AI"],"picked":"Machine Learning","floor":16.0},{"not_picked":["Compile Driver","Redo","Turbo+1"],"picked":"SKIP","floor":18.0},{"not_picked":["Creative AI","Doom and Gloom"],"picked":"Blizzard","floor":20.0},{"not_picked":["Go for the Eyes","Double Energy","Ball Lightning"],"picked":"SKIP","floor":21.0},{"not_picked":["Hologram","Go for the Eyes"],"picked":"Defragment","floor":22.0},{"not_picked":["Consume","Scrape","Beam Cell"],"picked":"SKIP","floor":27.0},{"not_picked":["Skim","Leap+1","Double Energy"],"picked":"SKIP","floor":28.0},{"not_picked":["Compile Driver","Force Field"],"picked":"Cold Snap+1","floor":30.0},{"not_picked":["Conserve Battery"],"picked":"SKIP","floor":35},{"not_picked":["Streamline"],"picked":"SKIP","floor":38},{"not_picked":["Rip and Tear"],"picked":"SKIP","floor":39}],"player_experience":416122,"relics_obtained":[{"floor":7.0,"key":"Happy Flower"},{"floor":9.0,"key":"Juzu Bracelet"},{"floor":11.0,"key":"Odd Mushroom"},{"floor":12.0,"key":"Akabeko"},{"floor":14.0,"key":"Art of War"},{"floor":20.0,"key":"Red Mask"},{"floor":26.0,"key":"Gremlin Horn"},{"floor":31.0,"key":"Darkstone Periapt"},{"floor":43,"key":"Bronze Scales"}],"event_choices":[{"damage_healed":0.0,"max_hp_gain":0.0,"max_hp_loss":0.0,"gold_gain":0.0,"event_name":"The Woman in Blue","player_choice":"Bought 1 Potion","floor":3.0,"gold_loss":0.0,"damage_taken":0.0},{"damage_healed":0.0,"max_hp_gain":0.0,"max_hp_loss":0.0,"gold_gain":0.0,"event_name":"Mushrooms","player_choice":"Fought Mushrooms","floor":11.0,"gold_loss":0.0,"damage_taken":0.0},{"damage_healed":0.0,"max_hp_gain":0.0,"max_hp_loss":0.0,"gold_gain":0.0,"event_name":"Masked Bandits","player_choice":"Fought Bandits","floor":20.0,"gold_loss":0.0,"damage_taken":0.0},{"damage_healed":0.0,"max_hp_gain":0.0,"max_hp_loss":0.0,"gold_gain":0.0,"event_name":"Drug Dealer","player_choice":"Inject Mutagens","floor":24.0,"gold_loss":0.0,"damage_taken":0.0,"relics_obtained":["MutagenicStrength"]},{"damage_healed":0,"gold_gain":0,"player_choice":"Ignored","damage_taken":0,"max_hp_gain":0,"max_hp_loss":0,"event_name":"Tomb of Lord Red Mask","floor":36,"gold_loss":0},{"damage_healed":0,"gold_gain":0,"cards_transformed":["Strike_B"],"player_choice":"Transformed","damage_taken":0,"max_hp_gain":0,"max_hp_loss":0,"event_name":"Transmorgrifier","floor":37,"gold_loss":0,"cards_obtained":["Coolheaded"]},{"damage_healed":0,"gold_gain":0,"player_choice":"Got Potions","damage_taken":0,"max_hp_gain":0,"max_hp_loss":0,"event_name":"Lab","floor":41,"gold_loss":0},{"damage_healed":0,"gold_gain":0,"player_choice":"0 cards matched","damage_taken":0,"max_hp_gain":0,"max_hp_loss":0,"event_name":"Match and Keep!","floor":45,"gold_loss":0,"cards_obtained":[]}],"is_beta":false,"boss_relics":[{"not_picked":["SacredBark","Philosopher\u0027s Stone"],"picked":"FrozenCore"},{"not_picked":["Runic Dome","Sozu"],"picked":"Busted Crown"}],"items_purged_floors":[10,46],"is_endless":false,"potions_floor_spawned":[1,5,7,11,12,18,28,33,38],"ascension_level":12}