{"gold_per_floor":[119,133,152,169,169,169,186,261,261,261,281,312,312,342,342,416,416,406,406],"floor_reached":19,"playtime":820,"items_purged":[],"score":295,"play_id":"00acfd0e-d5dd-4be5-81ee-fe95d68941cf","local_time":"20231210154355","is_ascension_mode":true,"campfire_choices":[{"data":"Genetic Algorithm","floor":6,"key":"SMITH"},{"data":"Defragment","floor":10,"key":"SMITH"},{"floor":13,"key":"REST"},{"data":"Streamline","floor":15,"key":"SMITH"}],"neow_cost":"NONE","seed_source_timestamp":1429565592081900,"circlet_count":0,"master_deck":["AscendersBane","Strike_B","Strike_B","Strike_B","Strike_B","Defend_B","Defend_B","Defend_B","Defend_B","Zap","Dualcast+1","Self Repair","Genetic Algorithm+1","Doom and Gloom","Conserve Battery","Regret","Defragment+1","Streamline+1","Hyperbeam","Rainbow","Hello World+1"],"relics":["Cracked Core","Bag of Marbles","Lantern","Bottled Lightning","Potion Belt","Inserter"],"potions_floor_usage":[12,16,16,19,19],"damage_taken":[{"damage":4,"enemies":"Small Slimes","floor":1,"turns":3},{"damage":3,"enemies":"2 Louse","floor":2,"turns":3},{"damage":6,"enemies":"Jaw Worm","floor":3,"turns":3},{"damage":4,"enemies":"Exordium Thugs","floor":4,"turns":3},{"damage":18,"enemies":"3 Louse","floor":7,"turns":4},{"damage":5,"enemies":"Blue Slaver","floor":11,"turns":3},{"damage":21,"enemies":"Lagavulin","floor":12,"turns":4},{"damage":40,"enemies":"3 Sentries","floor":14,"turns":7},{"damage":13,"enemies":"Hexaghost","floor":16,"turns":7},{"damage":12,"enemies":"2 Thieves","floor":18,"turns":4},{"damage":66,"enemies":"3 Byrds","floor":19,"turns":6}],"seed_played":"490518789843260646","potions_obtained":[{"floor":1,"key":"Swift Potion"},{"floor":3,"key":"SteroidPotion"},{"floor":14,"key":"PowerPotion"},{"floor":16,"key":"Fruit Juice"},{"floor":18,"key":"Fruit Juice"}],"is_trial":false,"path_per_floor":["M","M","M","M","?","R","M","?","T","R","M","E","R","E","R","B",null,"M","M"],"character_chosen":"DEFECT","items_purchased":[],"campfire_rested":1,"item_purchase_floors":[],"current_hp_per_floor":[64,68,69,72,72,72,61,50,50,50,52,31,53,20,20,14,60,55,0],"gold":406,"neow_bonus":"UPGRADE_CARD","is_prod":false,"is_daily":false,"chose_seed":false,"campfire_upgraded":3,"win_rate":0,"timestamp":1702215835,"path_taken":["M","M","M","M","?","R","M","?","T","R","M","E","R","E","R","BOSS","M","M"],"build_version":"2022-12-18","purchased_purges":0,"victory":false,"max_hp_per_floor":[75,75,75,75,75,75,75,75,75,75,75,75,75,75,75,75,75,75,85],"card_choices":[{"not_picked":["Hello World","Go for the Eyes"],"picked":"Self Repair","floor":1},{"not_picked":["Rip and Tear","Barrage"],"picked":"Genetic Algorithm","floor":2},{"not_picked":["Conserve Battery","Go for the Eyes"],"picked":"Doom and Gloom","floor":3},{"not_picked":["Steam","Recycle"],"picked":"Conserve Battery","floor":4},{"not_picked":["Hologram","Chill"],"picked":"Defragment","floor":7},{"not_picked":["Scrape","Reprogram","Multi-Cast"],"picked":"SKIP","floor":11},{"not_picked":["Beam Cell","Chaos"],"picked":"Streamline","floor":12},{"not_picked":["Sweeping Beam","Steam Power"],"picked":"Hyperbeam","floor":14},{"not_picked":["Meteor Strike","Fission"],"picked":"Rainbow","floor":16},{"not_picked":["Hologram","Doom and Gloom"],"picked":"Hello World+1","floor":18}],"player_experience":487850,"relics_obtained":[{"floor":9,"key":"Lantern"},{"floor":12,"key":"Bottled Lightning"},{"floor":14,"key":"Potion Belt"}],"event_choices":[{"damage_healed":0,"gold_gain":0,"player_choice":"Box","damage_taken":0,"relics_obtained":["Bag of Marbles"],"max_hp_gain":0,"max_hp_loss":0,"event_name":"Big Fish","floor":5,"gold_loss":0,"cards_obtained":["Regret"]},{"damage_healed":0,"gold_gain":75,"player_choice":"Gather Gold","damage_taken":11,"max_hp_gain":0,"max_hp_loss":0,"event_name":"World of Goop","floor":8,"gold_loss":0}],"is_beta":false,"boss_relics":[{"not_picked":["Runic Dome","Busted Crown"],"picked":"Inserter"}],"items_purged_floors":[],"is_endless":false,"potions_floor_spawned":[1,3,11,14,16,18],"killed_by":"3 Byrds","ascension_level":13}