{"gold_per_floor":[115,135,85,103,116,116,116,116,116,135,168,178,191,38,38,112,112,123,142,67,67,84,84],"floor_reached":23,"playtime":950,"items_purged":["Gash+1"],"score":332,"play_id":"e9871e78-c27e-4924-b9c8-8822d1178a33","local_time":"20231217030248","is_ascension_mode":true,"campfire_choices":[{"data":"Gash","floor":6,"key":"SMITH"},{"floor":8,"key":"REST"},{"floor":15,"key":"REST"}],"neow_cost":"NONE","seed_source_timestamp":90556172471000,"circlet_count":0,"master_deck":["AscendersBane","Strike_B","Strike_B","Strike_B","Defend_B","Defend_B","Defend_B","Defend_B","Zap","Dualcast","Ball Lightning","Glacier","Streamline+1","Scrape","Conserve Battery","Defragment","Static Discharge+1","Core Surge","Conserve Battery+1"],"relics":["Cracked Core","NeowsBlessing","Anchor","Darkstone Periapt","Oddly Smooth Stone","Snecko Eye"],"potions_floor_usage":[11,16,16,18],"damage_taken":[{"damage":0,"enemies":"Cultist","floor":1,"turns":1},{"damage":0,"enemies":"Jaw Worm","floor":2,"turns":1},{"damage":0,"enemies":"Small Slimes","floor":4,"turns":1},{"damage":28,"enemies":"Exordium Thugs","floor":5,"turns":4},{"damage":4,"enemies":"Exordium Wildlife","floor":10,"turns":3},{"damage":24,"enemies":"Lagavulin","floor":11,"turns":5},{"damage":0,"enemies":"Red Slaver","floor":12,"turns":4},{"damage":11,"enemies":"Lots of Slimes","floor":13,"turns":5},{"damage":26,"enemies":"Slime Boss","floor":16,"turns":8},{"damage":0,"enemies":"3 Byrds","floor":18,"turns":6},{"damage":4,"enemies":"Chosen","floor":19,"turns":4},{"damage":5,"enemies":"Snake Plant","floor":22,"turns":4},{"damage":49,"enemies":"Slavers","floor":23,"turns":4}],"seed_played":"936706950522538293","potions_obtained":[{"floor":2,"key":"Fire Potion"},{"floor":10,"key":"PowerPotion"},{"floor":11,"key":"Fire Potion"},{"floor":16,"key":"SneckoOil"}],"is_trial":false,"path_per_floor":["M","M","?","M","M","R","?","R","T","M","E","M","M","$","R","B",null,"M","M","$","?","M","E"],"character_chosen":"DEFECT","items_purchased":["Oddly Smooth Stone"],"campfire_rested":2,"item_purchase_floors":[14],"current_hp_per_floor":[64,64,64,64,36,36,36,57,57,53,29,29,18,18,39,13,57,57,53,53,53,48,0],"gold":84,"neow_bonus":"THREE_ENEMY_KILL","is_prod":false,"is_daily":false,"chose_seed":false,"campfire_upgraded":1,"win_rate":0,"timestamp":1702774968,"path_taken":["M","?","?","M","M","R","?","R","T","M","E","M","?","?","R","BOSS","M","M","$","?","?","E"],"build_version":"2022-12-18","purchased_purges":1,"victory":false,"max_hp_per_floor":[71,71,71,71,71,71,71,71,71,71,71,71,71,71,71,71,71,71,71,71,71,71,71],"card_choices":[{"not_picked":["Leap","Heatsinks"],"picked":"Ball Lightning","floor":1},{"not_picked":["Lockon","Self Repair"],"picked":"Glacier","floor":2},{"not_picked":["Leap","Turbo"],"picked":"Streamline","floor":4},{"not_picked":["Compile Driver","Steam"],"picked":"Gash","floor":5},{"not_picked":["Aggregate","Conserve Battery"],"picked":"Scrape","floor":10},{"not_picked":["Hologram","Ball Lightning"],"picked":"Conserve Battery","floor":11},{"not_picked":["Rip and Tear","Ball Lightning"],"picked":"Defragment","floor":12},{"not_picked":["Genetic Algorithm","FTL"],"picked":"Static Discharge","floor":13},{"not_picked":["Reboot","Multi-Cast"],"picked":"Core Surge","floor":16},{"not_picked":["Stack+1","Sweeping Beam"],"picked":"Conserve Battery+1","floor":18},{"not_picked":["Conserve Battery","Compile Driver","Cold Snap"],"picked":"SKIP","floor":19},{"not_picked":["Aggregate","Conserve Battery","Coolheaded"],"picked":"SKIP","floor":22}],"player_experience":544329,"relics_obtained":[{"floor":9,"key":"Anchor"},{"floor":11,"key":"Darkstone Periapt"}],"event_choices":[{"cards_removed":["Strike_B"],"damage_healed":0,"gold_gain":0,"player_choice":"Card Removal","damage_taken":0,"max_hp_gain":0,"max_hp_loss":0,"event_name":"The Cleric","floor":3,"gold_loss":50},{"damage_healed":0,"gold_gain":0,"player_choice":"Upgraded","damage_taken":0,"max_hp_gain":0,"max_hp_loss":0,"event_name":"Upgrade Shrine","floor":7,"gold_loss":0,"cards_upgraded":["Streamline"]},{"damage_healed":0,"gold_gain":0,"player_choice":"Upgraded","damage_taken":0,"max_hp_gain":0,"max_hp_loss":0,"event_name":"Upgrade Shrine","floor":21,"gold_loss":0,"cards_upgraded":["Static Discharge"]}],"is_beta":false,"boss_relics":[{"not_picked":["SacredBark","Philosopher\u0027s Stone"],"picked":"Snecko Eye"}],"items_purged_floors":[20],"is_endless":false,"potions_floor_spawned":[2,10,11,12,16],"killed_by":"Slavers","ascension_level":14}