{"gold_per_floor":[119,135,152,19,33,62,72,72,72,72,72,72,72,82,82,153,153,172,183,12,31,48,76,76,96,96,106,137,151,51,66,66,140,140,154,167,181,181,193,193,193,193,193,193,68,83,136,82,82,82],"floor_reached":51,"playtime":2816,"items_purged":["Defend_B","Defend_B","Strike_B"],"score":1362,"play_id":"d1fa04e8-3021-40cb-bc8b-b8e297822d89","local_time":"20231227002304","is_ascension_mode":true,"campfire_choices":[{"data":"Blizzard","floor":8,"key":"SMITH"},{"data":"Glacier","floor":10,"key":"SMITH"},{"data":"Defragment","floor":13,"key":"SMITH"},{"data":"Sweeping Beam","floor":15,"key":"SMITH"},{"floor":24,"key":"REST"},{"data":"Seek","floor":32,"key":"SMITH"},{"data":"Seek","floor":40,"key":"SMITH"},{"data":"Chill","floor":41,"key":"SMITH"},{"data":"Defragment","floor":42,"key":"SMITH"},{"data":"Glacier","floor":44,"key":"SMITH"},{"data":"Seek","floor":49,"key":"SMITH"}],"neow_cost":"NONE","seed_source_timestamp":0,"circlet_count":0,"master_deck":["AscendersBane","Strike_B","Strike_B","Strike_B","Defend_B","Defend_B","Zap","Dualcast","Glacier+1","Glacier+1","Sweeping Beam+1","Defragment+1","Blizzard+1","Seek+1","Barrage","Glacier+1","Seek+1","Defragment+1","FTL","Chill+1","Seek+1","Consume+1","Chill","Parasite"],"special_seed":0,"relics":["FrozenCore","Orichalcum","Boot","Shuriken","Anchor","Inserter","WingedGreaves","Pantograph","White Beast Statue","Mummified Hand","Girya"],"potions_floor_usage":[7,23,23,25,28,33,35,37,47,50],"damage_taken":[{"damage":6.0,"enemies":"Small Slimes","floor":1.0,"turns":3.0},{"damage":0.0,"enemies":"2 Louse","floor":2.0,"turns":3.0},{"damage":0.0,"enemies":"Cultist","floor":3.0,"turns":4.0},{"damage":3.0,"enemies":"2 Fungi Beasts","floor":5.0,"turns":3.0},{"damage":0.0,"enemies":"3 Sentries","floor":6.0,"turns":8.0},{"damage":0,"enemies":"Exordium Thugs","floor":7,"turns":4},{"damage":0,"enemies":"Exordium Wildlife","floor":14,"turns":4},{"damage":30,"enemies":"Slime Boss","floor":16,"turns":11},{"damage":0,"enemies":"Shell Parasite","floor":18,"turns":8},{"damage":6,"enemies":"3 Byrds","floor":19,"turns":5},{"damage":6,"enemies":"Snake Plant","floor":21,"turns":6},{"damage":0,"enemies":"Shelled Parasite and Fungi","floor":22,"turns":11},{"damage":8,"enemies":"Gremlin Leader","floor":23,"turns":7},{"damage":4,"enemies":"Centurion and Healer","floor":25,"turns":9},{"damage":1,"enemies":"Sentry and Sphere","floor":27,"turns":8},{"damage":3,"enemies":"Slavers","floor":28,"turns":6},{"damage":2,"enemies":"3 Cultists","floor":29,"turns":5},{"damage":0,"enemies":"Cultist and Chosen","floor":31,"turns":7},{"damage":5,"enemies":"Collector","floor":33,"turns":11},{"damage":0,"enemies":"Orb Walker","floor":35,"turns":5},{"damage":0,"enemies":"3 Darklings","floor":36,"turns":6},{"damage":0,"enemies":"Spire Growth","floor":37,"turns":9},{"damage":1,"enemies":"Jaw Worm Horde","floor":39,"turns":6},{"damage":0,"enemies":"Writhing Mass","floor":46,"turns":10},{"damage":9,"enemies":"2 Orb Walkers","floor":47,"turns":9},{"damage":0,"enemies":"Awakened One","floor":50,"turns":25}],"seed_played":"652598240472586999","potions_obtained":[{"floor":1.0,"key":"Fire Potion"},{"floor":3.0,"key":"SteroidPotion"},{"floor":16,"key":"SkillPotion"},{"floor":21,"key":"Dexterity Potion"},{"floor":22,"key":"DuplicationPotion"},{"floor":23,"key":"Weak Potion"},{"floor":27,"key":"LiquidBronze"},{"floor":28,"key":"Explosive Potion"},{"floor":29,"key":"Explosive Potion"},{"floor":31,"key":"FearPotion"},{"floor":33,"key":"SneckoOil"},{"floor":35,"key":"EntropicBrew"},{"floor":36,"key":"SkillPotion"},{"floor":37,"key":"DistilledChaos"},{"floor":47,"key":"Energy Potion"}],"is_trial":false,"path_per_floor":["M","M","M","$","M","E","M","R","T","R","?","?","R","M","R","B",null,"M","M","$","M","M","E","R","M","T","M","E","M","$","M","R","B",null,"M","M","M","?","M","R","R","R","T","R","$","M","?","$","R","B",null],"character_chosen":"DEFECT","items_purchased":["Sweeping Beam","Seek","FocusPotion"],"campfire_rested":1,"item_purchase_floors":[4,20,48],"current_hp_per_floor":[58,58,58,58,55,55,55,55,55,55,55,55,55,55,55,25,60,60,54,54,48,48,40,61,57,57,56,53,51,51,51,51,66,70,70,70,70,67,66,66,66,66,66,66,66,66,57,57,57,67],"gold":82,"neow_bonus":"RANDOM_COMMON_RELIC","is_prod":false,"is_daily":false,"chose_seed":false,"campfire_upgraded":10,"win_rate":0,"timestamp":1703629384,"path_taken":["M","M","M","$","M","E","M","R","T","R","?","?","R","M","R","BOSS","M","M","$","?","M","E","R","M","T","M","E","M","$","M","R","BOSS","M","M","M","?","M","R","R","R","T","R","?","M","?","$","R","BOSS"],"build_version":"2022-12-18","purchased_purges":3,"victory":true,"max_hp_per_floor":[71,71,71,71,71,71,71,71,71,71,71,71,71,71,71,71,71,71,71,71,71,71,71,71,71,71,71,71,71,71,71,71,71,71,71,71,71,67,67,67,67,67,67,67,67,67,67,67,67,67],"card_choices":[{"not_picked":["BootSequence","Sweeping Beam"],"picked":"Glacier","floor":1.0},{"not_picked":["Compile Driver","Beam Cell"],"picked":"Glacier","floor":2.0},{"not_picked":["Static Discharge","Leap","Steam"],"picked":"SKIP","floor":3.0},{"not_picked":["Leap","Fusion"],"picked":"Defragment","floor":5.0},{"not_picked":["Gash","Cold Snap"],"picked":"Blizzard","floor":6},{"not_picked":["Hyperbeam","Redo","Stack"],"picked":"SKIP","floor":7},{"not_picked":["Conserve Battery","Undo","Turbo"],"picked":"SKIP","floor":14},{"not_picked":["Fission","Amplify"],"picked":"Seek","floor":16},{"not_picked":["Loop","Rebound"],"picked":"Barrage","floor":18},{"not_picked":["Barrage","Sweeping Beam"],"picked":"Glacier","floor":19},{"not_picked":["Redo","Self Repair"],"picked":"Defragment","floor":21},{"not_picked":["Rainbow","Hello World","Conserve Battery+1"],"picked":"SKIP","floor":22},{"not_picked":["Barrage","Sunder","Hologram"],"picked":"SKIP","floor":23},{"not_picked":["Leap","Genetic Algorithm","Lockon+1"],"picked":"SKIP","floor":25},{"not_picked":["Static Discharge+1","Leap","Turbo"],"picked":"SKIP","floor":27},{"not_picked":["Aggregate","Leap"],"picked":"FTL","floor":28},{"not_picked":["Beam Cell","Thunder Strike"],"picked":"Chill","floor":29},{"not_picked":["Reinforced Body","Compile Driver","Redo"],"picked":"SKIP","floor":31},{"not_picked":["All For One","Thunder Strike"],"picked":"Seek","floor":33},{"not_picked":["Streamline","Redo+1"],"picked":"Consume+1","floor":35},{"not_picked":["Redo","Gash","Undo"],"picked":"SKIP","floor":36},{"not_picked":["Barrage","Steam+1","Darkness"],"picked":"SKIP","floor":37},{"not_picked":["White Noise","Doom and Gloom"],"picked":"Chill","floor":39},{"not_picked":["Beam Cell","Turbo","Hologram+1"],"picked":"SKIP","floor":46}],"player_experience":591994,"relics_obtained":[{"floor":6,"key":"Boot"},{"floor":9,"key":"Shuriken"},{"floor":12,"key":"Anchor"},{"floor":23,"key":"WingedGreaves"},{"floor":26,"key":"Pantograph"},{"floor":28,"key":"White Beast Statue"},{"floor":43,"key":"Mummified Hand"},{"floor":47,"key":"Girya"}],"event_choices":[{"damage_healed":0,"gold_gain":0,"player_choice":"Grow","damage_taken":0,"max_hp_gain":0,"max_hp_loss":0,"event_name":"Living Wall","floor":11,"gold_loss":0,"cards_upgraded":["Glacier"]},{"damage_healed":0,"gold_gain":0,"player_choice":"Relic","damage_taken":0,"max_hp_gain":0,"max_hp_loss":0,"event_name":"Wheel of Change","floor":12,"gold_loss":0},{"damage_healed":0,"gold_gain":0,"player_choice":"Max HP","damage_taken":0,"max_hp_gain":0,"max_hp_loss":4,"event_name":"Winding Halls","floor":38,"gold_loss":0},{"damage_healed":0,"gold_gain":0,"player_choice":"Fight","damage_taken":0,"max_hp_gain":0,"max_hp_loss":0,"event_name":"Mysterious Sphere","floor":47,"gold_loss":0}],"is_beta":false,"boss_relics":[{"not_picked":["Astrolabe","Velvet Choker"],"picked":"Inserter"},{"not_picked":["Black Star","Snecko Eye"],"picked":"FrozenCore"}],"items_purged_floors":[4,30,45],"is_endless":false,"potions_floor_spawned":[1,3,16,21,22,23,27,28,29,31,33,35,36,37,39,46,47],"ascension_level":16}