{"gold_per_floor":[367,68,83,258,268,293,293,50,73,88,88,121,86,115,115,196,205,226,249,43,43,59,59,82,127,174,274,95,95,130,149,149,226,226,244,256,256,276,285,285,305,305,305,159,184,204,204,49,49,49],"floor_reached":51,"playtime":1902,"items_purged":["Doubt","Strike_B","Defend_B"],"score":1409,"play_id":"f35d09df-4af1-4e6e-86e8-dfc0b580780e","local_time":"20231225121418","is_ascension_mode":true,"campfire_choices":[{"data":"Scrape","floor":7,"key":"SMITH"},{"data":"Scrape","floor":11,"key":"SMITH"},{"data":"FTL","floor":15,"key":"SMITH"},{"floor":23,"key":"REST"},{"data":"Buffer","floor":29,"key":"SMITH"},{"data":"Trip","floor":32,"key":"SMITH"},{"data":"Gash","floor":40,"key":"SMITH"},{"data":"Zap","floor":42,"key":"SMITH"},{"data":"Go for the Eyes","floor":47,"key":"SMITH"},{"data":"Gash","floor":49,"key":"SMITH"}],"neow_cost":"PERCENT_DAMAGE","seed_source_timestamp":896036236700,"circlet_count":0,"master_deck":["AscendersBane","Strike_B","Strike_B","Strike_B","Defend_B","Defend_B","Zap+1","Dualcast","Scrape+1","Go for the Eyes+1","Gash+1","Scrape+1","Trip+1","FTL+1","Buffer+1","CurseOfTheBell","Gash","Beam Cell","Seek+1","Gash+1","Gash","Ghostly+1","Ghostly+1","Ghostly+1","Ghostly+1","Ghostly+1","Finesse+1","Gash","Gash+1","Parasite"],"relics":["Cracked Core","Lee\u0027s Waffle","Pen Nib","Centennial Puzzle","Membership Card","CeramicFish","Darkstone Periapt","Calling Bell","Art of War","Toxic Egg 2","Ginger","Singing Bowl","Dream Catcher","Eternal Feather","Ornamental Fan","Nuclear Battery","Juzu Bracelet","DollysMirror","Shuriken","TungstenRod"],"potions_floor_usage":[10],"damage_taken":[{"damage":18,"enemies":"Small Slimes","floor":1,"turns":3},{"damage":1,"enemies":"2 Louse","floor":3,"turns":2},{"damage":0,"enemies":"Cultist","floor":5,"turns":3},{"damage":25,"enemies":"Lagavulin","floor":6,"turns":6},{"damage":0,"enemies":"Looter","floor":10,"turns":2},{"damage":36,"enemies":"Gremlin Nob","floor":12,"turns":4},{"damage":0,"enemies":"Large Slime","floor":14,"turns":3},{"damage":56,"enemies":"The Guardian","floor":16,"turns":7},{"damage":6,"enemies":"3 Byrds","floor":18,"turns":6},{"damage":8,"enemies":"Chosen","floor":19,"turns":2},{"damage":31,"enemies":"Centurion and Healer","floor":22,"turns":4},{"damage":2,"enemies":"Cultist and Chosen","floor":24,"turns":4},{"damage":1,"enemies":"Book of Stabbing","floor":30,"turns":4},{"damage":1,"enemies":"Snecko","floor":31,"turns":5},{"damage":4,"enemies":"Automaton","floor":33,"turns":10},{"damage":1,"enemies":"3 Shapes","floor":35,"turns":4},{"damage":10,"enemies":"3 Darklings","floor":36,"turns":6},{"damage":0,"enemies":"Jaw Worm Horde","floor":38,"turns":5},{"damage":2,"enemies":"4 Shapes","floor":41,"turns":6},{"damage":0,"enemies":"Nemesis","floor":45,"turns":5},{"damage":0,"enemies":"Writhing Mass","floor":46,"turns":5},{"damage":0,"enemies":"Donu and Deca","floor":50,"turns":9}],"seed_played":"-5420777075066338187","potions_obtained":[{"floor":3,"key":"SpeedPotion"},{"floor":5,"key":"LiquidBronze"},{"floor":10,"key":"FairyPotion"},{"floor":12,"key":"FairyPotion"},{"floor":16,"key":"Energy Potion"}],"is_trial":false,"path_per_floor":["M","$","M","?","M","E","R","$","T","M","R","E","?","M","R","B",null,"M","M","$","?","M","R","M","?","T","?","$","R","E","M","R","B",null,"M","M","?","M","?","R","M","R","T","$","E","M","R","$","R","B",null],"character_chosen":"DEFECT","items_purchased":["Lee\u0027s Waffle","Pen Nib","Membership Card","Scrape","Trip","Seek+1","Gash","Singing Bowl","Eternal Feather","Gash","DollysMirror","TungstenRod"],"campfire_rested":1,"item_purchase_floors":[2,2,8,8,8,20,20,20,28,44,44,48],"current_hp_per_floor":[28,78,77,77,77,52,52,52,52,52,52,16,35,35,35,3,65,59,51,51,51,22,47,45,43,43,43,43,43,44,45,47,45,48,49,41,41,43,43,55,55,57,57,57,59,67,67,67,67,67],"gold":49,"neow_bonus":"TWO_FIFTY_GOLD","is_prod":false,"is_daily":false,"chose_seed":false,"campfire_upgraded":9,"win_rate":0,"timestamp":1703499258,"path_taken":["M","$","M","?","M","E","R","$","T","M","R","E","?","M","R","BOSS","M","M","$","?","M","R","?","?","T","?","$","R","E","M","R","BOSS","M","M","?","?","?","R","M","R","T","$","E","M","R","?","R","BOSS"],"build_version":"2022-12-18","purchased_purges":3,"victory":true,"max_hp_per_floor":[71,78,78,78,78,78,78,78,78,78,78,78,78,78,78,78,84,84,84,84,84,86,86,86,43,43,43,43,43,45,47,47,49,49,51,53,53,55,55,55,57,57,57,57,59,67,67,67,67,67],"card_choices":[{"not_picked":["Cold Snap","Redo"],"picked":"Scrape","floor":1},{"not_picked":["Aggregate","Hologram"],"picked":"Compile Driver","floor":3},{"not_picked":["Melter","Stack"],"picked":"Go for the Eyes","floor":5},{"not_picked":["Electrodynamics","Undo"],"picked":"Gash","floor":6},{"not_picked":["Coolheaded","Fusion","Sweeping Beam"],"picked":"SKIP","floor":10},{"not_picked":["Glacier","Chaos","Redo"],"picked":"SKIP","floor":12},{"not_picked":["Heatsinks","Conserve Battery"],"picked":"FTL","floor":14},{"not_picked":["Multi-Cast","Rainbow"],"picked":"Buffer","floor":16},{"not_picked":["Compile Driver","Cold Snap"],"picked":"Gash","floor":18},{"not_picked":["Barrage","Glacier+1"],"picked":"Beam Cell","floor":19},{"not_picked":["Chaos+1","Redo+1","Conserve Battery+1"],"picked":"Singing Bowl","floor":22},{"not_picked":["Stack+1","Blizzard"],"picked":"Gash","floor":24},{"not_picked":["Hologram+1","Stack+1","Redo+1"],"picked":"Singing Bowl","floor":30},{"not_picked":["Stack+1","Compile Driver","Conserve Battery+1"],"picked":"Singing Bowl","floor":31},{"not_picked":["Machine Learning","Amplify+1","Fission+1"],"picked":"Singing Bowl","floor":33},{"not_picked":["BootSequence+1","Compile Driver","FTL"],"picked":"Singing Bowl","floor":35},{"not_picked":["Auto Shields+1","Ball Lightning","Rebound"],"picked":"Singing Bowl","floor":36},{"not_picked":["Hologram+1","Chaos+1","Coolheaded+1"],"picked":"Singing Bowl","floor":38},{"not_picked":["Purity+1","Discovery+1"],"picked":"Finesse+1","floor":39},{"not_picked":["Consume+1","Storm","Rebound"],"picked":"Singing Bowl","floor":41},{"not_picked":["Turbo+1","Tempest+1","Go for the Eyes+1"],"picked":"Singing Bowl","floor":45},{"not_picked":["Aggregate+1","Redo+1","Force Field+1"],"picked":"Singing Bowl","floor":46}],"player_experience":586345,"relics_obtained":[{"floor":6,"key":"Centennial Puzzle"},{"floor":9,"key":"CeramicFish"},{"floor":12,"key":"Darkstone Periapt"},{"floor":17,"key":"Art of War"},{"floor":17,"key":"Toxic Egg 2"},{"floor":17,"key":"Ginger"},{"floor":26,"key":"Dream Catcher"},{"floor":30,"key":"Ornamental Fan"},{"floor":43,"key":"Juzu Bracelet"},{"floor":45,"key":"Shuriken"}],"event_choices":[{"damage_healed":0,"gold_gain":175,"player_choice":"AGREE","damage_taken":0,"max_hp_gain":0,"max_hp_loss":0,"event_name":"Liars Game","floor":4,"gold_loss":0,"cards_obtained":["Doubt"]},{"damage_healed":19,"gold_gain":0,"player_choice":"Healed","damage_taken":0,"max_hp_gain":0,"max_hp_loss":0,"event_name":"The Cleric","floor":13,"gold_loss":35},{"cards_removed":["Compile Driver"],"damage_healed":0,"gold_gain":0,"player_choice":"Purged","damage_taken":0,"max_hp_gain":0,"max_hp_loss":0,"event_name":"Purifier","floor":21,"gold_loss":0},{"damage_healed":0,"gold_gain":0,"player_choice":"Became a Ghost","damage_taken":0,"max_hp_gain":0,"max_hp_loss":43,"event_name":"Ghosts","floor":25,"gold_loss":0,"cards_obtained":["Ghostly","Ghostly","Ghostly","Ghostly","Ghostly"]},{"damage_healed":0,"gold_gain":100,"player_choice":"Pray","damage_taken":0,"max_hp_gain":0,"max_hp_loss":0,"event_name":"Golden Shrine","floor":27,"gold_loss":0},{"cards_removed":["Defend_B"],"damage_healed":0,"gold_gain":0,"player_choice":"Purged","damage_taken":0,"max_hp_gain":0,"max_hp_loss":0,"event_name":"Purifier","floor":37,"gold_loss":0},{"damage_healed":0,"gold_gain":0,"player_choice":"Memory 1","damage_taken":0,"max_hp_gain":0,"max_hp_loss":0,"event_name":"SensoryStone","floor":39,"gold_loss":0}],"is_beta":false,"boss_relics":[{"not_picked":["Philosopher\u0027s Stone","Inserter"],"picked":"Calling Bell"},{"not_picked":["Pandora\u0027s Box","Fusion Hammer"],"picked":"Nuclear Battery"}],"items_purged_floors":[8,28,44],"is_endless":false,"potions_floor_spawned":[3,5,10,12,16,19,22,41,45],"ascension_level":14}