{"gold_per_floor":[115,128,144,94,104,104,122,157,207,35,47,64,64,77,77,77],"floor_reached":16,"playtime":458,"items_purged":[],"score":180,"play_id":"96af921e-ba90-49a4-a4d1-6de1814d517d","local_time":"20231220180935","is_ascension_mode":true,"campfire_choices":[{"floor":6,"key":"REST"},{"data":"Static Discharge","floor":13,"key":"SMITH"},{"floor":15,"key":"REST"}],"neow_cost":"NONE","seed_source_timestamp":167044723044700,"circlet_count":0,"master_deck":["AscendersBane","Strike_B","Strike_B","Strike_B","Defend_B","Defend_B","Defend_B","Defend_B","Zap","Dualcast","Streamline","Ball Lightning","Tempest","Seek","Doom and Gloom","Static Discharge+1","Electrodynamics"],"relics":["Cracked Core","Lantern","Bag of Marbles","MawBank","Strange Spoon"],"potions_floor_usage":[8,11,12,16],"damage_taken":[{"damage":7,"enemies":"Small Slimes","floor":1,"turns":2},{"damage":1,"enemies":"2 Louse","floor":2,"turns":2},{"damage":6,"enemies":"Cultist","floor":3,"turns":4},{"damage":30,"enemies":"Large Slime","floor":5,"turns":4},{"damage":6,"enemies":"Blue Slaver","floor":7,"turns":3},{"damage":10,"enemies":"Gremlin Nob","floor":8,"turns":3},{"damage":4,"enemies":"Red Slaver","floor":11,"turns":3},{"damage":0,"enemies":"Looter","floor":12,"turns":1},{"damage":11,"enemies":"Blue Slaver","floor":14,"turns":3},{"damage":32,"enemies":"Hexaghost","floor":16,"turns":4}],"seed_played":"3257170333371016928","potions_obtained":[{"floor":3,"key":"Strength Potion"},{"floor":5,"key":"GamblersBrew"},{"floor":8,"key":"Energy Potion"},{"floor":11,"key":"GamblersBrew"},{"floor":14,"key":"Dexterity Potion"}],"is_trial":false,"path_per_floor":["M","M","M","?","M","R","M","E","T","$","M","M","R","M","R","B"],"character_chosen":"DEFECT","items_purchased":["Strange Spoon","Doom and Gloom"],"campfire_rested":2,"item_purchase_floors":[10,10],"current_hp_per_floor":[57,56,50,50,20,41,35,25,25,25,21,21,21,10,31,0],"gold":77,"neow_bonus":"RANDOM_COMMON_RELIC","is_prod":false,"is_daily":false,"chose_seed":false,"campfire_upgraded":1,"win_rate":0,"timestamp":1703088575,"path_taken":["M","M","M","?","M","R","M","E","T","$","M","M","R","M","R","BOSS"],"build_version":"2022-12-18","purchased_purges":0,"victory":false,"max_hp_per_floor":[71,71,71,71,71,71,71,71,71,71,71,71,71,71,71,71],"card_choices":[{"not_picked":["Gash","Go for the Eyes"],"picked":"Streamline","floor":1},{"not_picked":["Compile Driver","Coolheaded"],"picked":"Ball Lightning","floor":2},{"not_picked":["Storm","Hologram"],"picked":"Tempest","floor":3},{"not_picked":["Force Field","Steam","Leap"],"picked":"SKIP","floor":5},{"not_picked":["Chaos","Cold Snap"],"picked":"Seek","floor":7},{"not_picked":["Go for the Eyes","Stack","Steam"],"picked":"SKIP","floor":8},{"not_picked":["Ball Lightning","Compile Driver","Chill"],"picked":"SKIP","floor":11},{"not_picked":["Consume","Fusion"],"picked":"Static Discharge","floor":12},{"not_picked":["Redo","Stack"],"picked":"Electrodynamics","floor":14}],"player_experience":567581,"relics_obtained":[{"floor":8,"key":"Bag of Marbles"},{"floor":9,"key":"MawBank"}],"event_choices":[{"cards_removed":["Strike_B"],"damage_healed":0,"gold_gain":0,"player_choice":"Card Removal","damage_taken":0,"max_hp_gain":0,"max_hp_loss":0,"event_name":"The Cleric","floor":4,"gold_loss":50}],"is_beta":false,"boss_relics":[],"items_purged_floors":[],"is_endless":false,"potions_floor_spawned":[3,5,8,11,14],"killed_by":"Hexaghost","ascension_level":14}