{"gold_per_floor":[111,60,73,126,138,138,165,165,188,188,188,38,55,105,105,180,180,198,210,223,233,253,253,267,292,328,340,372,454,466,495,507,594,606,637,649,678,238,249,260,260,260,260,260,56,0,0,20,20,20],"floor_reached":50,"playtime":2018,"items_purged":[],"score":858,"play_id":"5f8a3cdc-a46b-47b2-ba68-cf366c8773a0","local_time":"20231231184836","is_ascension_mode":true,"campfire_choices":[{"data":"Scrape","floor":6.0,"key":"SMITH"},{"floor":8.0,"key":"REST"},{"data":"Hologram","floor":10.0,"key":"SMITH"},{"data":"Hologram","floor":15.0,"key":"SMITH"},{"floor":23.0,"key":"REST"},{"floor":27.0,"key":"REST"},{"floor":30.0,"key":"REST"},{"data":"Scrape","floor":32.0,"key":"SMITH"},{"floor":41.0,"key":"REST"},{"data":"Fission","floor":44.0,"key":"SMITH"},{"data":"FTL","floor":47.0,"key":"SMITH"},{"data":"Metamorphosis","floor":49.0,"key":"SMITH"}],"neow_cost":"PERCENT_DAMAGE","seed_source_timestamp":88696486300,"circlet_count":0,"master_deck":["AscendersBane","Strike_B","Strike_B","Strike_B+1","Defend_B","Defend_B","Defend_B","Zap","Dualcast+1","Fission+1","Sunder","Gash","Gash","Scrape+1","Beam Cell","Hologram+1","Steam","Swift Strike","Hologram+1","All For One","Hologram+1","FTL+1","BootSequence","Beam Cell","Scrape+1","Rebound","Metamorphosis+1","Gash","All For One","FTL"],"special_seed":0,"relics":["FrozenCore","Toy Ornithopter","Blood Vial","Lantern","MawBank","Strawberry","Pantograph","Nuclear Battery","ClockworkSouvenir","HornCleat","DollysMirror","Red Mask"],"potions_floor_usage":[50],"damage_taken":[{"damage":0.0,"enemies":"Cultist","floor":1.0,"turns":2.0},{"damage":0.0,"enemies":"2 Louse","floor":3.0,"turns":2.0},{"damage":1.0,"enemies":"Small Slimes","floor":5.0,"turns":2.0},{"damage":16.0,"enemies":"Gremlin Nob","floor":7.0,"turns":3.0},{"damage":0.0,"enemies":"Red Slaver","floor":13.0,"turns":1.0},{"damage":16.0,"enemies":"Hexaghost","floor":16.0,"turns":8.0},{"damage":10.0,"enemies":"Shell Parasite","floor":18.0,"turns":5.0},{"damage":4.0,"enemies":"Chosen","floor":19.0,"turns":4.0},{"damage":4.0,"enemies":"Centurion and Healer","floor":20.0,"turns":5.0},{"damage":26.0,"enemies":"Snake Plant","floor":21.0,"turns":5.0},{"damage":5.0,"enemies":"3 Cultists","floor":22.0,"turns":6.0},{"damage":25.0,"enemies":"Snecko","floor":24.0,"turns":5.0},{"damage":16.0,"enemies":"Gremlin Leader","floor":25.0,"turns":5.0},{"damage":16.0,"enemies":"Shelled Parasite and Fungi","floor":28.0,"turns":4.0},{"damage":16.0,"enemies":"Cultist and Chosen","floor":31.0,"turns":6.0},{"damage":37.0,"enemies":"Automaton","floor":33.0,"turns":8.0},{"damage":17.0,"enemies":"Orb Walker","floor":35.0,"turns":5.0},{"damage":0.0,"enemies":"3 Shapes","floor":37.0,"turns":4.0},{"damage":0.0,"enemies":"Spire Growth","floor":39.0,"turns":3.0},{"damage":31.0,"enemies":"Maw","floor":40.0,"turns":6.0},{"damage":12.0,"enemies":"Sphere and 2 Shapes","floor":48.0,"turns":4.0},{"damage":112,"enemies":"Time Eater","floor":50,"turns":9}],"seed_played":"-7725886313524288535","potions_obtained":[{"floor":13.0,"key":"EssenceOfSteel"},{"floor":16.0,"key":"Swift Potion"},{"floor":20.0,"key":"Regen Potion"},{"floor":21.0,"key":"Fire Potion"},{"floor":22.0,"key":"CultistPotion"},{"floor":25.0,"key":"PotionOfCapacity"},{"floor":37.0,"key":"PotionOfCapacity"},{"floor":39.0,"key":"FairyPotion"},{"floor":48.0,"key":"LiquidBronze"}],"is_trial":false,"path_per_floor":["M","$","M","T","M","R","E","R","T","R","?","$","M","?","R","B",null,"M","M","M","M","M","R","M","E","T","R","M","T","R","M","R","B",null,"M","?","M","$","M","M","R","?","T","R","$","?","R","M","R","B"],"character_chosen":"DEFECT","items_purchased":["Gash","Steam","Swift Strike","ClockworkSouvenir","Regen Potion","Metamorphosis","DollysMirror","FTL"],"campfire_rested":5,"item_purchase_floors":[2,12,12,38,38,38,45,45],"current_hp_per_floor":[46,46,46,46,45,45,29,50,50,50,29,29,31,24,24,15,57,49,47,50,45,42,63,40,31,38,61,52,52,75,61,61,41,69,54,54,56,56,72,47,70,70,70,70,70,70,70,60,60,0],"gold":20,"neow_bonus":"TRANSFORM_TWO_CARDS","is_prod":false,"is_daily":false,"chose_seed":false,"campfire_upgraded":7,"win_rate":0,"timestamp":1704041316,"path_taken":["M","$","M","?","M","R","E","R","T","R","?","$","M","?","R","BOSS","M","M","M","M","M","R","M","E","T","R","M","?","R","M","R","BOSS","M","?","M","$","M","M","R","?","T","R","$","?","R","M","R","BOSS"],"build_version":"2022-12-18","purchased_purges":0,"victory":false,"max_hp_per_floor":[71,71,71,71,71,71,71,71,71,71,71,71,71,71,71,71,71,71,71,71,71,71,71,71,71,78,78,78,78,78,78,78,78,78,78,78,78,78,78,78,78,78,78,78,78,78,78,78,78,78],"card_choices":[{"not_picked":["Coolheaded","Hello World"],"picked":"Gash","floor":1.0},{"not_picked":["Leap","Auto Shields"],"picked":"Scrape","floor":3.0},{"not_picked":["Stack","Go for the Eyes"],"picked":"Beam Cell","floor":5.0},{"not_picked":["Static Discharge","Compile Driver"],"picked":"Hologram","floor":7.0},{"not_picked":["Ball Lightning","Chill"],"picked":"Hologram","floor":13.0},{"not_picked":["Buffer","Electrodynamics"],"picked":"All For One","floor":16.0},{"not_picked":["Conserve Battery","Reprogram","Barrage"],"picked":"SKIP","floor":18.0},{"not_picked":["Chill","BootSequence","Blizzard"],"picked":"SKIP","floor":19.0},{"not_picked":["Conserve Battery","Darkness"],"picked":"Hologram+1","floor":20.0},{"not_picked":["Go for the Eyes","Redo"],"picked":"FTL","floor":21.0},{"not_picked":["Force Field","Stack"],"picked":"BootSequence","floor":22.0},{"not_picked":["Compile Driver","Cold Snap"],"picked":"Beam Cell","floor":24.0},{"not_picked":["Glacier","Chill"],"picked":"Scrape","floor":25.0},{"not_picked":["Meteor Strike","Self Repair+1"],"picked":"Rebound","floor":28.0},{"not_picked":["Auto Shields","Ball Lightning","Stack"],"picked":"SKIP","floor":31.0},{"not_picked":["Doom and Gloom","Coolheaded"],"picked":"Steam Power","floor":35.0},{"not_picked":["Force Field","Cold Snap","BootSequence"],"picked":"SKIP","floor":37.0},{"not_picked":["Capacitor","BootSequence+1","Barrage"],"picked":"SKIP","floor":39.0},{"not_picked":["Redo","Turbo"],"picked":"Gash","floor":40.0},{"not_picked":["Melter+1","Conserve Battery","Barrage"],"picked":"SKIP","floor":48.0}],"player_experience":621704,"relics_obtained":[{"floor":4.0,"key":"Toy Ornithopter"},{"floor":7.0,"key":"Blood Vial"},{"floor":9.0,"key":"Lantern"},{"floor":25.0,"key":"MawBank"},{"floor":26.0,"key":"Strawberry"},{"floor":29.0,"key":"Pantograph"},{"floor":43.0,"key":"HornCleat"}],"event_choices":[{"damage_healed":0.0,"max_hp_gain":0.0,"max_hp_loss":0.0,"gold_gain":0.0,"event_name":"Shining Light","player_choice":"Entered Light","floor":11.0,"gold_loss":0.0,"damage_taken":21.0,"cards_upgraded":["Strike_B","Dualcast"]},{"damage_healed":0.0,"max_hp_gain":0.0,"max_hp_loss":0.0,"gold_gain":50.0,"event_name":"FaceTrader","player_choice":"Touch","floor":14.0,"gold_loss":0.0,"damage_taken":7.0},{"cards_removed":["Steam Power"],"damage_healed":0.0,"max_hp_gain":0.0,"max_hp_loss":0.0,"gold_gain":0.0,"event_name":"Falling","player_choice":"Removed Skill","floor":36.0,"gold_loss":0.0,"damage_taken":0.0},{"damage_healed":0.0,"max_hp_gain":0.0,"max_hp_loss":0.0,"gold_gain":0.0,"event_name":"Mysterious Sphere","player_choice":"Ignored","floor":42.0,"gold_loss":0.0,"damage_taken":0.0},{"damage_healed":0.0,"max_hp_gain":0.0,"max_hp_loss":0.0,"gold_gain":0.0,"event_name":"Tomb of Lord Red Mask","player_choice":"Paid","floor":46.0,"gold_loss":56.0,"damage_taken":0.0,"relics_obtained":["Red Mask"]}],"is_beta":false,"boss_relics":[{"not_picked":["Busted Crown","Coffee Dripper"],"picked":"FrozenCore"},{"not_picked":["Empty Cage","Sozu"],"picked":"Nuclear Battery"}],"items_purged_floors":[],"is_endless":false,"potions_floor_spawned":[13,16,20,21,22,25,37,39,48],"killed_by":"Time Eater","ascension_level":17}