{"gold_per_floor":[111,111,111,131,142,142,156,156,156,156,81,81,106,119,119,196,196,211,211,46,46,56,56,56,56,56,67,92,112,112,129,129,205,205,223,238,255,71,96,96,96,96,96,110,126,26,26],"floor_reached":47,"playtime":1487,"items_purged":["Defend_B","Decay"],"score":786,"play_id":"57281174-3aa9-4df6-a7b8-6a8b8751acda","local_time":"20240106223130","is_ascension_mode":true,"campfire_choices":[{"floor":6,"key":"REST"},{"data":"Gash","floor":8,"key":"SMITH"},{"data":"Gash","floor":10,"key":"SMITH"},{"data":"Dualcast","floor":12,"key":"SMITH"},{"data":"Reprogram","floor":15,"key":"SMITH"},{"floor":23,"key":"REST"},{"data":"Machine Learning","floor":25,"key":"SMITH"},{"floor":30,"key":"REST"},{"data":"Streamline","floor":32,"key":"SMITH"},{"floor":40,"key":"REST"}],"neow_cost":"NONE","seed_source_timestamp":19840041084900,"circlet_count":0,"master_deck":["AscendersBane","Strike_B+1","Defend_B+1","Defend_B+1","Zap","Dualcast+1","Streamline+1","Gash+1","Gash+1","Reprogram+1","Steam Power","Machine Learning+1","White Noise+1","Streamline+1","Chill+1","Steam+1","Go for the Eyes","Machine Learning","Beam Cell","Panache","Creative AI","Decay"],"relics":["Cracked Core","NeowsBlessing","HornCleat","Mummified Hand","Incense Burner","Astrolabe","Nunchaku","MutagenicStrength","TungstenRod","Pen Nib","Cursed Key","FossilizedHelix","Kunai"],"potions_floor_usage":[16,22,29,29,31,44],"damage_taken":[{"damage":0,"enemies":"Jaw Worm","floor":1,"turns":1},{"damage":0,"enemies":"2 Louse","floor":4,"turns":1},{"damage":0,"enemies":"Cultist","floor":5,"turns":1},{"damage":6,"enemies":"Lots of Slimes","floor":7,"turns":4},{"damage":15,"enemies":"Gremlin Nob","floor":13,"turns":4},{"damage":7,"enemies":"2 Fungi Beasts","floor":14,"turns":3},{"damage":27,"enemies":"Hexaghost","floor":16,"turns":9},{"damage":15,"enemies":"Chosen","floor":18,"turns":4},{"damage":0,"enemies":"3 Byrds","floor":22,"turns":5},{"damage":0,"enemies":"Snake Plant","floor":27,"turns":4},{"damage":13,"enemies":"Cultist and Chosen","floor":29,"turns":6},{"damage":7,"enemies":"Snecko","floor":31,"turns":4},{"damage":45,"enemies":"Collector","floor":33,"turns":8},{"damage":7,"enemies":"3 Darklings","floor":35,"turns":6},{"damage":4,"enemies":"3 Shapes","floor":36,"turns":4},{"damage":37,"enemies":"Maw","floor":37,"turns":8},{"damage":6,"enemies":"Mind Bloom Boss Battle","floor":39,"turns":8},{"damage":0,"enemies":"Sphere and 2 Shapes","floor":44,"turns":4},{"damage":0,"enemies":"4 Shapes","floor":45,"turns":6},{"damage":41,"enemies":"Reptomancer","floor":47,"turns":2}],"seed_played":"-7371539017832954937","potions_obtained":[{"floor":13,"key":"Strength Potion"},{"floor":14,"key":"SteroidPotion"},{"floor":16,"key":"PowerPotion"},{"floor":22,"key":"SpeedPotion"},{"floor":29,"key":"LiquidMemories"},{"floor":36,"key":"Energy Potion"},{"floor":39,"key":"AttackPotion"}],"is_trial":false,"path_per_floor":["M","?","?","M","M","R","M","R","T","R","$","R","E","M","R","B",null,"M","?","$","?","M","R","?","R","T","M","T","M","R","M","R","B",null,"M","M","M","$","?","R","?","$","T","M","M","$","E"],"character_chosen":"DEFECT","items_purchased":["Nunchaku","Panache"],"campfire_rested":4,"item_purchase_floors":[20,38],"current_hp_per_floor":[64,46,46,46,46,67,61,61,61,61,61,61,46,39,39,12,56,41,41,41,41,41,62,62,62,62,62,62,49,70,63,63,18,58,51,47,10,10,4,25,25,25,25,25,25,25,0],"gold":26,"neow_bonus":"THREE_ENEMY_KILL","is_prod":false,"is_daily":false,"chose_seed":false,"campfire_upgraded":6,"win_rate":0,"timestamp":1704573090,"path_taken":["M","?","?","?","M","R","?","R","T","R","$","R","E","M","R","BOSS","M","?","$","?","M","R","?","R","T","M","?","?","R","M","R","BOSS","M","M","M","$","?","R","?","$","T","M","?","$","E"],"build_version":"2022-12-18","purchased_purges":2,"victory":false,"max_hp_per_floor":[71,71,71,71,71,71,71,71,71,71,71,71,71,71,71,71,71,71,71,71,71,71,71,71,71,71,71,71,71,71,71,71,71,71,71,71,71,71,71,71,71,71,71,71,71,71,71],"card_choices":[{"not_picked":["Rebound","Turbo"],"picked":"Streamline","floor":1},{"not_picked":["Sweeping Beam","Heatsinks"],"picked":"Gash","floor":4},{"not_picked":["Fusion","Turbo"],"picked":"Gash","floor":5},{"not_picked":["Defragment","Double Energy","Chaos"],"picked":"SKIP","floor":7},{"not_picked":["Turbo","Hyperbeam"],"picked":"Reprogram","floor":13},{"not_picked":["Cold Snap","Steam"],"picked":"Steam Power","floor":14},{"not_picked":["Fission","Buffer"],"picked":"Machine Learning","floor":16},{"not_picked":["Rebound","Reinforced Body","Self Repair"],"picked":"SKIP","floor":18},{"not_picked":["Sweeping Beam","Coolheaded"],"picked":"Steam+1","floor":22},{"not_picked":["BootSequence","Steam Power","Streamline"],"picked":"SKIP","floor":27},{"not_picked":["Compile Driver","Sweeping Beam+1"],"picked":"Go for the Eyes","floor":29},{"not_picked":["BootSequence","Cold Snap","Force Field"],"picked":"SKIP","floor":31},{"not_picked":["Hyperbeam","Rainbow"],"picked":"Machine Learning","floor":33},{"not_picked":["Cold Snap","Go for the Eyes"],"picked":"Beam Cell","floor":35},{"not_picked":["Ball Lightning","Force Field","Compile Driver+1"],"picked":"SKIP","floor":36},{"not_picked":["Sweeping Beam","Rebound","Compile Driver"],"picked":"SKIP","floor":37},{"not_picked":["Redo","BootSequence"],"picked":"Creative AI","floor":39},{"not_picked":["Sweeping Beam","Streamline","Steam"],"picked":"SKIP","floor":44},{"not_picked":["Conserve Battery","Static Discharge+1","Chill"],"picked":"SKIP","floor":45}],"player_experience":636206,"relics_obtained":[{"floor":9,"key":"Mummified Hand"},{"floor":13,"key":"Incense Burner"},{"floor":26,"key":"TungstenRod"},{"floor":28,"key":"Pen Nib"},{"floor":39,"key":"FossilizedHelix"},{"floor":43,"key":"Kunai"}],"event_choices":[{"damage_healed":0,"gold_gain":0,"player_choice":"Success","damage_taken":18,"relics_obtained":["HornCleat"],"max_hp_gain":0,"max_hp_loss":0,"event_name":"Scrap Ooze","floor":2,"gold_loss":0},{"cards_removed":["Strike_B"],"damage_healed":0,"gold_gain":0,"player_choice":"Offered Basic","damage_taken":0,"max_hp_gain":0,"max_hp_loss":0,"event_name":"Bonfire Elementals","floor":3,"gold_loss":0},{"damage_healed":0,"gold_gain":0,"player_choice":"Ignored","damage_taken":0,"max_hp_gain":0,"max_hp_loss":0,"event_name":"Vampires","floor":19,"gold_loss":0},{"damage_healed":0,"gold_gain":0,"player_choice":"Inject Mutagens","damage_taken":0,"relics_obtained":["MutagenicStrength"],"max_hp_gain":0,"max_hp_loss":0,"event_name":"Drug Dealer","floor":21,"gold_loss":0},{"damage_healed":0,"gold_gain":0,"player_choice":"Simplicity","damage_taken":0,"max_hp_gain":0,"max_hp_loss":0,"event_name":"Back to Basics","floor":24,"gold_loss":0,"cards_upgraded":["Strike_B","Defend_B","Defend_B"]},{"damage_healed":0,"gold_gain":0,"player_choice":"Fight","damage_taken":0,"max_hp_gain":0,"max_hp_loss":0,"event_name":"MindBloom","floor":39,"gold_loss":0},{"damage_healed":0,"gold_gain":0,"player_choice":"Cursed","damage_taken":0,"max_hp_gain":0,"max_hp_loss":0,"event_name":"Wheel of Change","floor":41,"gold_loss":0,"cards_obtained":["Decay"]}],"is_beta":false,"boss_relics":[{"not_picked":["Ectoplasm","Nuclear Battery"],"picked":"Astrolabe"},{"not_picked":["Coffee Dripper","Runic Pyramid"],"picked":"Cursed Key"}],"items_purged_floors":[11,46],"is_endless":false,"potions_floor_spawned":[13,14,16,18,22,29,36,39],"killed_by":"Reptomancer","ascension_level":17}