{"gold_per_floor":[116,128,203,89,103,128,128,128,128,148,148,166,166,183,183,254,254,269,269,279,279,8,36,36,36,36,36,46,66,81,96,96,174,174,194,23,23,41,61,61,74,74,148,148,166,176,188,0,0,0],"floor_reached":51,"playtime":2159,"items_purged":["Defend_B"],"score":1199,"play_id":"570fbd88-c642-4673-83ca-4d79e639d628","local_time":"20240108234147","is_ascension_mode":true,"campfire_choices":[{"floor":7,"key":"REST"},{"data":"Beam Cell","floor":11,"key":"SMITH"},{"data":"Scrape","floor":15,"key":"SMITH"},{"data":"Reboot","floor":24,"key":"SMITH"},{"floor":27,"key":"REST"},{"floor":32,"key":"REST"},{"floor":40,"key":"REST"},{"floor":49,"key":"REST"}],"neow_cost":"NONE","seed_source_timestamp":20452594541300,"circlet_count":0,"master_deck":["AscendersBane","Strike_B","Defend_B","Defend_B","Zap","Dualcast","Leap","Scrape","Scrape+1","Beam Cell","Go for the Eyes","Beam Cell+1","Core Surge","Reboot+1","Buffer+1","Biased Cognition+1","Hyperbeam","Gash","Writhe","Gash","Reboot","Gash+1","Defragment+1","Chill","Hologram"],"relics":["FrozenCore","Bronze Scales","Matryoshka","Kunai","Pear","Odd Mushroom","Astrolabe","Nunchaku","HornCleat","Centennial Puzzle","Meat on the Bone","Frozen Eye","Red Mask"],"potions_floor_usage":[10,16,16,20,23,23,31,35,39,45,50,50],"damage_taken":[{"damage":2,"enemies":"Cultist","floor":1,"turns":4},{"damage":3,"enemies":"Jaw Worm","floor":2,"turns":4},{"damage":0,"enemies":"2 Louse","floor":5,"turns":3},{"damage":19,"enemies":"Gremlin Nob","floor":6,"turns":4},{"damage":7,"enemies":"The Mushroom Lair","floor":10,"turns":3},{"damage":5,"enemies":"2 Fungi Beasts","floor":12,"turns":3},{"damage":3,"enemies":"Lots of Slimes","floor":14,"turns":3},{"damage":14,"enemies":"Slime Boss","floor":16,"turns":7},{"damage":12,"enemies":"Chosen","floor":18,"turns":3},{"damage":0,"enemies":"Shell Parasite","floor":20,"turns":2},{"damage":18,"enemies":"Book of Stabbing","floor":23,"turns":3},{"damage":0,"enemies":"Snecko","floor":28,"turns":4},{"damage":0,"enemies":"3 Cultists","floor":29,"turns":3},{"damage":15,"enemies":"Snake Plant","floor":30,"turns":4},{"damage":0,"enemies":"Cultist and Chosen","floor":31,"turns":3},{"damage":46,"enemies":"Collector","floor":33,"turns":9},{"damage":14,"enemies":"3 Darklings","floor":35,"turns":4},{"damage":31,"enemies":"3 Shapes","floor":38,"turns":5},{"damage":0,"enemies":"Transient","floor":39,"turns":6},{"damage":0,"enemies":"3 Darklings","floor":41,"turns":5},{"damage":4,"enemies":"Spire Growth","floor":45,"turns":5},{"damage":10,"enemies":"Writhing Mass","floor":46,"turns":5},{"damage":0,"enemies":"Maw","floor":47,"turns":7},{"damage":8,"enemies":"Awakened One","floor":50,"turns":14}],"seed_played":"7528014573855348506","potions_obtained":[{"floor":5,"key":"Weak Potion"},{"floor":10,"key":"BlessingOfTheForge"},{"floor":14,"key":"BlessingOfTheForge"},{"floor":16,"key":"DuplicationPotion"},{"floor":18,"key":"Dexterity Potion"},{"floor":23,"key":"PotionOfCapacity"},{"floor":30,"key":"LiquidMemories"},{"floor":33,"key":"Swift Potion"},{"floor":35,"key":"BlessingOfTheForge"},{"floor":39,"key":"Swift Potion"},{"floor":47,"key":"Dexterity Potion"}],"is_trial":false,"path_per_floor":["M","M","?","$","M","E","R","$","T","?","R","M","?","M","R","B",null,"M","?","M","?","$","E","R","?","T","R","M","M","M","M","R","B",null,"M","$","?","M","M","R","M","?","T","?","M","M","M","?","R","B",null],"character_chosen":"DEFECT","items_purchased":["Scrape","Gash","Nunchaku","Regen Potion","Frozen Eye"],"campfire_rested":5,"item_purchase_floors":[4,22,22,22,36],"current_hp_per_floor":[62,59,48,48,48,29,50,50,60,53,53,48,75,72,72,58,75,63,63,63,63,63,54,54,54,54,78,78,78,63,63,81,47,73,59,59,59,40,52,76,76,76,76,76,72,62,62,62,77,69],"gold":0,"neow_bonus":"RANDOM_COMMON_RELIC","is_prod":false,"is_daily":false,"chose_seed":false,"campfire_upgraded":3,"win_rate":0,"timestamp":1704750107,"path_taken":["M","M","?","$","M","E","R","$","T","?","R","M","?","M","R","BOSS","M","?","?","?","$","E","R","?","T","R","M","M","M","M","R","BOSS","M","$","?","M","M","R","M","?","T","?","M","M","M","?","R","BOSS"],"build_version":"2022-12-18","purchased_purges":1,"victory":true,"max_hp_per_floor":[71,71,71,71,71,71,71,71,81,81,81,81,81,81,81,81,81,81,81,81,81,81,81,81,81,81,81,81,81,81,81,81,81,81,81,81,81,81,81,81,81,81,81,77,77,77,77,77,77,77],"card_choices":[{"not_picked":["Rebound","Turbo"],"picked":"Leap","floor":1},{"not_picked":["Hologram","Turbo"],"picked":"Scrape","floor":2},{"not_picked":["Coolheaded","Storm"],"picked":"Beam Cell","floor":5},{"not_picked":["Aggregate","Lockon"],"picked":"Go for the Eyes","floor":6},{"not_picked":["Hologram","Cold Snap"],"picked":"Beam Cell","floor":10},{"not_picked":["Rebound","Go for the Eyes"],"picked":"Core Surge","floor":12},{"not_picked":["Undo","Compile Driver","Chaos"],"picked":"SKIP","floor":14},{"not_picked":["Multi-Cast","Thunder Strike"],"picked":"Reboot","floor":16},{"not_picked":["Genetic Algorithm","Stack","Conserve Battery"],"picked":"SKIP","floor":18},{"not_picked":["Cold Snap","Conserve Battery+1","Streamline"],"picked":"SKIP","floor":20},{"not_picked":["Steam","Compile Driver","Turbo"],"picked":"SKIP","floor":23},{"not_picked":["Cold Snap","Blizzard","Beam Cell"],"picked":"SKIP","floor":28},{"not_picked":["Defragment","Coolheaded","Sunder"],"picked":"SKIP","floor":29},{"not_picked":["Ball Lightning","Tempest"],"picked":"Gash","floor":30},{"not_picked":["Double Energy+1","Aggregate","Beam Cell"],"picked":"SKIP","floor":31},{"not_picked":["Rainbow","Buffer"],"picked":"Reboot","floor":33},{"not_picked":["Conserve Battery","Hologram"],"picked":"Gash+1","floor":35},{"not_picked":["Steam Power","Conserve Battery+1"],"picked":"Defragment+1","floor":38},{"not_picked":["Leap","Ball Lightning"],"picked":"Chill","floor":39},{"not_picked":["Sweeping Beam","Fusion","Redo"],"picked":"SKIP","floor":41},{"not_picked":["Barrage","Glacier"],"picked":"Hologram","floor":45},{"not_picked":["Force Field","Gash","Melter"],"picked":"SKIP","floor":46},{"not_picked":["Cold Snap+1","Go for the Eyes","Rebound"],"picked":"SKIP","floor":47}],"player_experience":651552,"relics_obtained":[{"floor":6,"key":"Matryoshka"},{"floor":9,"key":"Kunai"},{"floor":9,"key":"Pear"},{"floor":10,"key":"Odd Mushroom"},{"floor":23,"key":"HornCleat"},{"floor":26,"key":"Meat on the Bone"}],"event_choices":[{"damage_healed":0,"gold_gain":75,"player_choice":"Gather Gold","damage_taken":11,"max_hp_gain":0,"max_hp_loss":0,"event_name":"World of Goop","floor":3,"gold_loss":0},{"damage_healed":0,"gold_gain":0,"player_choice":"Fought Mushrooms","damage_taken":0,"max_hp_gain":0,"max_hp_loss":0,"event_name":"Mushrooms","floor":10,"gold_loss":0},{"damage_healed":27,"gold_gain":0,"player_choice":"Banana","damage_taken":0,"max_hp_gain":0,"max_hp_loss":0,"event_name":"Big Fish","floor":13,"gold_loss":0},{"damage_healed":0,"gold_gain":0,"cards_transformed":["Defend_B"],"player_choice":"Transformed","damage_taken":0,"max_hp_gain":0,"max_hp_loss":0,"event_name":"Transmorgrifier","floor":19,"gold_loss":0,"cards_obtained":["Hyperbeam"]},{"damage_healed":0,"gold_gain":0,"player_choice":"Ignored","damage_taken":0,"max_hp_gain":0,"max_hp_loss":0,"event_name":"Vampires","floor":21,"gold_loss":0},{"damage_healed":0,"gold_gain":0,"player_choice":"Opened","damage_taken":0,"relics_obtained":["Centennial Puzzle"],"max_hp_gain":0,"max_hp_loss":0,"event_name":"The Mausoleum","floor":25,"gold_loss":0,"cards_obtained":["Writhe"]},{"cards_removed":["Multi-Cast"],"damage_healed":0,"gold_gain":0,"player_choice":"Removed Skill","damage_taken":0,"max_hp_gain":0,"max_hp_loss":0,"event_name":"Falling","floor":37,"gold_loss":0},{"damage_healed":0,"gold_gain":0,"player_choice":"Ignored","damage_taken":0,"max_hp_gain":0,"max_hp_loss":0,"event_name":"Mysterious Sphere","floor":42,"gold_loss":0},{"damage_healed":0,"gold_gain":0,"player_choice":"Max HP","damage_taken":0,"max_hp_gain":0,"max_hp_loss":4,"event_name":"Winding Halls","floor":44,"gold_loss":0},{"damage_healed":0,"gold_gain":0,"player_choice":"Paid","damage_taken":0,"relics_obtained":["Red Mask"],"max_hp_gain":0,"max_hp_loss":0,"event_name":"Tomb of Lord Red Mask","floor":48,"gold_loss":188}],"is_beta":false,"boss_relics":[{"not_picked":["Empty Cage","Black Star"],"picked":"Astrolabe"},{"not_picked":["Coffee Dripper","Runic Pyramid"],"picked":"FrozenCore"}],"items_purged_floors":[4],"is_endless":false,"potions_floor_spawned":[5,10,14,16,18,23,30,33,35,39,47],"ascension_level":17}